01REMESSA01COBRANCA       00000000000000008994CONSTRUTORA DADO LTDA.        237BRADESCO       210611        MX0000002                                                                                                                                                                                                                                                                                     000001
10000000000000000000000903373 99179066                 240102500000000040102500100900000000002            0  01240102500005081100000002242500000000001A210611000000000000000000000000000000000000000000000000000000000000000100002623607800IRACEMA PEREIRA COSTA LOURENCO          R JOSE AUGUSTO DOS SANTOS 36 AP 106                 12230085                                                            000002
2Protestar 5d Apos Vencimento                                                                                                                                                                                                                                                                                                                                                 00903373 99179066401025001009000003
10000000000000000000000903373 99179066                 240102500000000040102500200500000000002            0  01240102500005091100000002242500000000001A210611000000000000000000000000000000000000000000000000000000000000000100002623607800IRACEMA PEREIRA COSTA LOURENCO          R JOSE AUGUSTO DOS SANTOS 36 AP 106                 12230085                                                            000004
2Protestar 5d Apos Vencimento                                                                                                                                                                                                                                                                                                                                                 00903373 99179066401025002005000005
10000000000000000000000903373 99179066                 240102500000000040102500300100000000002            0  01240102500005101100000002242500000000001A210611000000000000000000000000000000000000000000000000000000000000000100002623607800IRACEMA PEREIRA COSTA LOURENCO          R JOSE AUGUSTO DOS SANTOS 36 AP 106                 12230085                                                            000006
2Protestar 5d Apos Vencimento                                                                                                                                                                                                                                                                                                                                                 00903373 99179066401025003001000007
10000000000000000000000903373 99179066                 240102500000000040102500400800000000002            0  01240102500005111100000002242500000000001A210611000000000000000000000000000000000000000000000000000000000000000100002623607800IRACEMA PEREIRA COSTA LOURENCO          R JOSE AUGUSTO DOS SANTOS 36 AP 106                 12230085                                                            000008
2Protestar 5d Apos Vencimento                                                                                                                                                                                                                                                                                                                                                 00903373 99179066401025004008000009
10000000000000000000000903373 99179066                 240102500000000040102500500400000000002            0  01240102500005121100000002242500000000001A210611000000000000000000000000000000000000000000000000000000000000000100002623607800IRACEMA PEREIRA COSTA LOURENCO          R JOSE AUGUSTO DOS SANTOS 36 AP 106                 12230085                                                            000010
2Protestar 5d Apos Vencimento                                                                                                                                                                                                                                                                                                                                                 00903373 99179066401025005004000011
10000000000000000000000903373 99179066                 240102500000000040102500200500000000002            0  01240102500030111100000005980000000000001A210611000000000000000000000000000000000000000000000000000000000000000100002623607800IRACEMA PEREIRA COSTA LOURENCO          R JOSE AUGUSTO DOS SANTOS 36 AP 106                 12230085                                                            000012
2Protestar 5d Apos Vencimento                                                                                                                                                                                                                                                                                                                                                 00903373 99179066401025002005000013
10000000000000000000000903373 99179066                 240103500000000040103500200300000000002            0  01240103500020071100000002343170000000001A210611000000000000000000000000000000000000000000000000000000000000000100026876875881GIOVANNI MACIEL DE CASTRO SANTOS        RUA OLIVIO GOMES 695 AP 33                          12211190                                                            000014
2Protestar 5d Apos Vencimento                                                                                                                                                                                                                                                                                                                                                 00903373 99179066401035002003000015
10000000000000000000000903373 99179066                 240103500000000040103500300P00000000002            0  01240103500020081100000002343170000000001A210611000000000000000000000000000000000000000000000000000000000000000100026876875881GIOVANNI MACIEL DE CASTRO SANTOS        RUA OLIVIO GOMES 695 AP 33                          12211190                                                            000016
2Protestar 5d Apos Vencimento                                                                                                                                                                                                                                                                                                                                                 00903373 9917906640103500300P000017
10000000000000000000000903373 99179066                 240103500000000040103500400600000000002            0  01240103500020091100000002343170000000001A210611000000000000000000000000000000000000000000000000000000000000000100026876875881GIOVANNI MACIEL DE CASTRO SANTOS        RUA OLIVIO GOMES 695 AP 33                          12211190                                                            000018
2Protestar 5d Apos Vencimento                                                                                                                                                                                                                                                                                                                                                 00903373 99179066401035004006000019
10000000000000000000000903373 99179066                 240103500000000040103500500200000000002            0  01240103500020101100000002343170000000001A210611000000000000000000000000000000000000000000000000000000000000000100026876875881GIOVANNI MACIEL DE CASTRO SANTOS        RUA OLIVIO GOMES 695 AP 33                          12211190                                                            000020
2Protestar 5d Apos Vencimento                                                                                                                                                                                                                                                                                                                                                 00903373 99179066401035005002000021
10000000000000000000000903373 99179066                 240103500000000040103500600900000000002            0  01240103500020111100000002343170000000001A210611000000000000000000000000000000000000000000000000000000000000000100026876875881GIOVANNI MACIEL DE CASTRO SANTOS        RUA OLIVIO GOMES 695 AP 33                          12211190                                                            000022
2Protestar 5d Apos Vencimento                                                                                                                                                                                                                                                                                                                                                 00903373 99179066401035006009000023
10000000000000000000000903373 99179066                 240103500000000040103500700500000000002            0  01240103500020121100000002343170000000001A210611000000000000000000000000000000000000000000000000000000000000000100026876875881GIOVANNI MACIEL DE CASTRO SANTOS        RUA OLIVIO GOMES 695 AP 33                          12211190                                                            000024
2Protestar 5d Apos Vencimento                                                                                                                                                                                                                                                                                                                                                 00903373 99179066401035007005000025
10000000000000000000000903373 99179066                 240103500000000040103500200300000000002            0  01240103500020121100000003905290000000001A210611000000000000000000000000000000000000000000000000000000000000000100026876875881GIOVANNI MACIEL DE CASTRO SANTOS        RUA OLIVIO GOMES 695 AP 33                          12211190                                                            000026
2Protestar 5d Apos Vencimento                                                                                                                                                                                                                                                                                                                                                 00903373 99179066401035002003000027
10000000000000000000000903373 99179066                 240105400000000040105400100P00000000002            0  01240105400001071100000002573500000000001A210611000000000000000000000000000000000000000000000000000000000000000100028953146836EDUARDO DE OLIVEIRA JUNIOR              R HEITOR DE ANDRADE 2142 AP 54                      12241000                                                            000028
2Protestar 5d Apos Vencimento                                                                                                                                                                                                                                                                                                                                                 00903373 9917906640105400100P000029
10000000000000000000000903373 99179066                 240105400000000040105400200600000000002            0  01240105400001081100000002573500000000001A210611000000000000000000000000000000000000000000000000000000000000000100028953146836EDUARDO DE OLIVEIRA JUNIOR              R HEITOR DE ANDRADE 2142 AP 54                      12241000                                                            000030
2Protestar 5d Apos Vencimento                                                                                                                                                                                                                                                                                                                                                 00903373 99179066401054002006000031
10000000000000000000000903373 99179066                 240105400000000040105400300200000000002            0  01240105400001091100000002573500000000001A210611000000000000000000000000000000000000000000000000000000000000000100028953146836EDUARDO DE OLIVEIRA JUNIOR              R HEITOR DE ANDRADE 2142 AP 54                      12241000                                                            000032
2Protestar 5d Apos Vencimento                                                                                                                                                                                                                                                                                                                                                 00903373 99179066401054003002000033
10000000000000000000000903373 99179066                 240105400000000040105400400900000000002            0  01240105400001101100000002573500000000001A210611000000000000000000000000000000000000000000000000000000000000000100028953146836EDUARDO DE OLIVEIRA JUNIOR              R HEITOR DE ANDRADE 2142 AP 54                      12241000                                                            000034
2Protestar 5d Apos Vencimento                                                                                                                                                                                                                                                                                                                                                 00903373 99179066401054004009000035
10000000000000000000000903373 99179066                 240105400000000040105400500500000000002            0  01240105400001111100000002573500000000001A210611000000000000000000000000000000000000000000000000000000000000000100028953146836EDUARDO DE OLIVEIRA JUNIOR              R HEITOR DE ANDRADE 2142 AP 54                      12241000                                                            000036
2Protestar 5d Apos Vencimento                                                                                                                                                                                                                                                                                                                                                 00903373 99179066401054005005000037
10000000000000000000000903373 99179066                 240105400000000040105400600100000000002            0  01240105400001121100000002573500000000001A210611000000000000000000000000000000000000000000000000000000000000000100028953146836EDUARDO DE OLIVEIRA JUNIOR              R HEITOR DE ANDRADE 2142 AP 54                      12241000                                                            000038
2Protestar 5d Apos Vencimento                                                                                                                                                                                                                                                                                                                                                 00903373 99179066401054006001000039
10000000000000000000000903373 99179066                 240108100000000040108100200P00000000002            0  01240108100010071100000000720580000000001A210611000000000000000000000000000000000000000000000000000000000000000100025582996893PHILIPPE ALEXANDRE TORRE                RUA ICATU 330 AP 113                                12237010                                                            000040
2Protestar 5d Apos Vencimento                                                                                                                                                                                                                                                                                                                                                 00903373 9917906640108100200P000041
10000000000000000000000903373 99179066                 240108100000000040108100300600000000002            0  01240108100010081100000000720580000000001A210611000000000000000000000000000000000000000000000000000000000000000100025582996893PHILIPPE ALEXANDRE TORRE                RUA ICATU 330 AP 113                                12237010                                                            000042
2Protestar 5d Apos Vencimento                                                                                                                                                                                                                                                                                                                                                 00903373 99179066401081003006000043
10000000000000000000000903373 99179066                 240108100000000040108100400200000000002            0  01240108100010091100000000720580000000001A210611000000000000000000000000000000000000000000000000000000000000000100025582996893PHILIPPE ALEXANDRE TORRE                RUA ICATU 330 AP 113                                12237010                                                            000044
2Protestar 5d Apos Vencimento                                                                                                                                                                                                                                                                                                                                                 00903373 99179066401081004002000045
10000000000000000000000903373 99179066                 240108100000000040108100500900000000002            0  01240108100010101100000000720580000000001A210611000000000000000000000000000000000000000000000000000000000000000100025582996893PHILIPPE ALEXANDRE TORRE                RUA ICATU 330 AP 113                                12237010                                                            000046
2Protestar 5d Apos Vencimento                                                                                                                                                                                                                                                                                                                                                 00903373 99179066401081005009000047
10000000000000000000000903373 99179066                 240108100000000040108100600500000000002            0  01240108100010111100000000720580000000001A210611000000000000000000000000000000000000000000000000000000000000000100025582996893PHILIPPE ALEXANDRE TORRE                RUA ICATU 330 AP 113                                12237010                                                            000048
2Protestar 5d Apos Vencimento                                                                                                                                                                                                                                                                                                                                                 00903373 99179066401081006005000049
10000000000000000000000903373 99179066                 240108100000000040108100700100000000002            0  01240108100010121100000000720580000000001A210611000000000000000000000000000000000000000000000000000000000000000100025582996893PHILIPPE ALEXANDRE TORRE                RUA ICATU 330 AP 113                                12237010                                                            000050
2Protestar 5d Apos Vencimento                                                                                                                                                                                                                                                                                                                                                 00903373 99179066401081007001000051
10000000000000000000000903373 99179066                 240108100000000040108100200P00000000002            0  01240108100010111100000010294000000000001A210611000000000000000000000000000000000000000000000000000000000000000100025582996893PHILIPPE ALEXANDRE TORRE                RUA ICATU 330 AP 113                                12237010                                                            000052
2Protestar 5d Apos Vencimento                                                                                                                                                                                                                                                                                                                                                 00903373 9917906640108100200P000053
10000000000000000000000903373 99179066                 240114200000000040114200200800000000002            0  01240114200028071100000002578650000000001A210611000000000000000000000000000000000000000000000000000000000000000100002599797837JOSE GERALDO FARIA                      R JOSE AUGUSTO SANTOS 36 AP1502                     12230085                                                            000054
2Protestar 5d Apos Vencimento                                                                                                                                                                                                                                                                                                                                                 00903373 99179066401142002008000055
10000000000000000000000903373 99179066                 240114200000000040114200300400000000002            0  01240114200028081100000002578650000000001A210611000000000000000000000000000000000000000000000000000000000000000100002599797837JOSE GERALDO FARIA                      R JOSE AUGUSTO SANTOS 36 AP1502                     12230085                                                            000056
2Protestar 5d Apos Vencimento                                                                                                                                                                                                                                                                                                                                                 00903373 99179066401142003004000057
10000000000000000000000903373 99179066                 240114200000000040114200400000000000002            0  01240114200028091100000002578650000000001A210611000000000000000000000000000000000000000000000000000000000000000100002599797837JOSE GERALDO FARIA                      R JOSE AUGUSTO SANTOS 36 AP1502                     12230085                                                            000058
2Protestar 5d Apos Vencimento                                                                                                                                                                                                                                                                                                                                                 00903373 99179066401142004000000059
10000000000000000000000903373 99179066                 240114200000000040114200500700000000002            0  01240114200028101100000002578650000000001A210611000000000000000000000000000000000000000000000000000000000000000100002599797837JOSE GERALDO FARIA                      R JOSE AUGUSTO SANTOS 36 AP1502                     12230085                                                            000060
2Protestar 5d Apos Vencimento                                                                                                                                                                                                                                                                                                                                                 00903373 99179066401142005007000061
10000000000000000000000903373 99179066                 240114200000000040114200600300000000002            0  01240114200028111100000002578650000000001A210611000000000000000000000000000000000000000000000000000000000000000100002599797837JOSE GERALDO FARIA                      R JOSE AUGUSTO SANTOS 36 AP1502                     12230085                                                            000062
2Protestar 5d Apos Vencimento                                                                                                                                                                                                                                                                                                                                                 00903373 99179066401142006003000063
10000000000000000000000903373 99179066                 240114200000000040114200700P00000000002            0  01240114200028121100000002578650000000001A210611000000000000000000000000000000000000000000000000000000000000000100002599797837JOSE GERALDO FARIA                      R JOSE AUGUSTO SANTOS 36 AP1502                     12230085                                                            000064
2Protestar 5d Apos Vencimento                                                                                                                                                                                                                                                                                                                                                 00903373 9917906640114200700P000065
10000000000000000000000903373 99179066                 240114200000000040114200200800000000002            0  01240114200030071100000029255550000000001A210611000000000000000000000000000000000000000000000000000000000000000100002599797837JOSE GERALDO FARIA                      R JOSE AUGUSTO SANTOS 36 AP1502                     12230085                                                            000066
2Protestar 5d Apos Vencimento                                                                                                                                                                                                                                                                                                                                                 00903373 99179066401142002008000067
10000000000000000000000903373 99179066                 240114200000000040114200300400000000002            0  01240114200030111100000004297750000000001A210611000000000000000000000000000000000000000000000000000000000000000100002599797837JOSE GERALDO FARIA                      R JOSE AUGUSTO SANTOS 36 AP1502                     12230085                                                            000068
2Protestar 5d Apos Vencimento                                                                                                                                                                                                                                                                                                                                                 00903373 99179066401142003004000069
10000000000000000000000903373 99179066                 240115100000000040115100100600000000002            0  01240115100001071100000001902680000000001A210611000000000000000000000000000000000000000000000000000000000000000100003388912858EDEMIR CARNELOSSI                       RUA TUBARAO 300 AP 111 BL B                         12245140                                                            000070
2Protestar 5d Apos Vencimento                                                                                                                                                                                                                                                                                                                                                 00903373 99179066401151001006000071
10000000000000000000000903373 99179066                 240115100000000040115100200200000000002            0  01240115100001081100000001902680000000001A210611000000000000000000000000000000000000000000000000000000000000000100003388912858EDEMIR CARNELOSSI                       RUA TUBARAO 300 AP 111 BL B                         12245140                                                            000072
2Protestar 5d Apos Vencimento                                                                                                                                                                                                                                                                                                                                                 00903373 99179066401151002002000073
10000000000000000000000903373 99179066                 240115100000000040115100300900000000002            0  01240115100001091100000001902680000000001A210611000000000000000000000000000000000000000000000000000000000000000100003388912858EDEMIR CARNELOSSI                       RUA TUBARAO 300 AP 111 BL B                         12245140                                                            000074
2Protestar 5d Apos Vencimento                                                                                                                                                                                                                                                                                                                                                 00903373 99179066401151003009000075
10000000000000000000000903373 99179066                 240115100000000040115100400500000000002            0  01240115100001101100000001902680000000001A210611000000000000000000000000000000000000000000000000000000000000000100003388912858EDEMIR CARNELOSSI                       RUA TUBARAO 300 AP 111 BL B                         12245140                                                            000076
2Protestar 5d Apos Vencimento                                                                                                                                                                                                                                                                                                                                                 00903373 99179066401151004005000077
10000000000000000000000903373 99179066                 240115100000000040115100500100000000002            0  01240115100001111100000001902680000000001A210611000000000000000000000000000000000000000000000000000000000000000100003388912858EDEMIR CARNELOSSI                       RUA TUBARAO 300 AP 111 BL B                         12245140                                                            000078
2Protestar 5d Apos Vencimento                                                                                                                                                                                                                                                                                                                                                 00903373 99179066401151005001000079
10000000000000000000000903373 99179066                 240115100000000040115100600800000000002            0  01240115100001121100000001902680000000001A210611000000000000000000000000000000000000000000000000000000000000000100003388912858EDEMIR CARNELOSSI                       RUA TUBARAO 300 AP 111 BL B                         12245140                                                            000080
2Protestar 5d Apos Vencimento                                                                                                                                                                                                                                                                                                                                                 00903373 99179066401151006008000081
10000000000000000000000903373 99179066                 240115100000000040115100300900000000002            0  01240115100027071100000012682210000000001A210611000000000000000000000000000000000000000000000000000000000000000100003388912858EDEMIR CARNELOSSI                       RUA TUBARAO 300 AP 111 BL B                         12245140                                                            000082
2Protestar 5d Apos Vencimento                                                                                                                                                                                                                                                                                                                                                 00903373 99179066401151003009000083
10000000000000000000000903373 99179066                 240115100000000040115100400500000000002            0  01240115100025111100000012354510000000001A210611000000000000000000000000000000000000000000000000000000000000000100003388912858EDEMIR CARNELOSSI                       RUA TUBARAO 300 AP 111 BL B                         12245140                                                            000084
2Protestar 5d Apos Vencimento                                                                                                                                                                                                                                                                                                                                                 00903373 99179066401151004005000085
10000000000000000000000903373 99179066                 240116200000000040116200100800000000002            0  01240116200001071100000002058800000000001A210611000000000000000000000000000000000000000000000000000000000000000100009419388832EDUARDO ALVES NARCISO                   RUA MATIAS PERES 43 APTO 142                        12230082                                                            000086
2Protestar 5d Apos Vencimento                                                                                                                                                                                                                                                                                                                                                 00903373 99179066401162001008000087
10000000000000000000000903373 99179066                 240116200000000040116200200400000000002            0  01240116200001081100000002058800000000001A210611000000000000000000000000000000000000000000000000000000000000000100009419388832EDUARDO ALVES NARCISO                   RUA MATIAS PERES 43 APTO 142                        12230082                                                            000088
2Protestar 5d Apos Vencimento                                                                                                                                                                                                                                                                                                                                                 00903373 99179066401162002004000089
10000000000000000000000903373 99179066                 240116200000000040116200300000000000002            0  01240116200001091100000002058800000000001A210611000000000000000000000000000000000000000000000000000000000000000100009419388832EDUARDO ALVES NARCISO                   RUA MATIAS PERES 43 APTO 142                        12230082                                                            000090
2Protestar 5d Apos Vencimento                                                                                                                                                                                                                                                                                                                                                 00903373 99179066401162003000000091
10000000000000000000000903373 99179066                 240116200000000040116200400700000000002            0  01240116200001101100000002058800000000001A210611000000000000000000000000000000000000000000000000000000000000000100009419388832EDUARDO ALVES NARCISO                   RUA MATIAS PERES 43 APTO 142                        12230082                                                            000092
2Protestar 5d Apos Vencimento                                                                                                                                                                                                                                                                                                                                                 00903373 99179066401162004007000093
10000000000000000000000903373 99179066                 240116200000000040116200500300000000002            0  01240116200001111100000002058800000000001A210611000000000000000000000000000000000000000000000000000000000000000100009419388832EDUARDO ALVES NARCISO                   RUA MATIAS PERES 43 APTO 142                        12230082                                                            000094
2Protestar 5d Apos Vencimento                                                                                                                                                                                                                                                                                                                                                 00903373 99179066401162005003000095
10000000000000000000000903373 99179066                 240116200000000040116200600P00000000002            0  01240116200001121100000002058800000000001A210611000000000000000000000000000000000000000000000000000000000000000100009419388832EDUARDO ALVES NARCISO                   RUA MATIAS PERES 43 APTO 142                        12230082                                                            000096
2Protestar 5d Apos Vencimento                                                                                                                                                                                                                                                                                                                                                 00903373 9917906640116200600P000097
10000000000000000000000903373 99179066                 240116200000000040116200200400000000002            0  01240116200015121100000013382200000000001A210611000000000000000000000000000000000000000000000000000000000000000100009419388832EDUARDO ALVES NARCISO                   RUA MATIAS PERES 43 APTO 142                        12230082                                                            000098
2Protestar 5d Apos Vencimento                                                                                                                                                                                                                                                                                                                                                 00903373 99179066401162002004000099
10000000000000000000000903373 99179066                 240118100000000040118100500600000000002            0  01240118100005071100000001578010000000001A210611000000000000000000000000000000000000000000000000000000000000000100022425120807RODRIGO DE ALMEIDA SILVA                RUA BOLIVIA, 63                                     12223070                                                            000100
2Protestar 5d Apos Vencimento                                                                                                                                                                                                                                                                                                                                                 00903373 99179066401181005006000101
10000000000000000000000903373 99179066                 240118100000000040118100600200000000002            0  01240118100005081100000001578010000000001A210611000000000000000000000000000000000000000000000000000000000000000100022425120807RODRIGO DE ALMEIDA SILVA                RUA BOLIVIA, 63                                     12223070                                                            000102
2Protestar 5d Apos Vencimento                                                                                                                                                                                                                                                                                                                                                 00903373 99179066401181006002000103
10000000000000000000000903373 99179066                 240118100000000040118100700900000000002            0  01240118100005091100000001578010000000001A210611000000000000000000000000000000000000000000000000000000000000000100022425120807RODRIGO DE ALMEIDA SILVA                RUA BOLIVIA, 63                                     12223070                                                            000104
2Protestar 5d Apos Vencimento                                                                                                                                                                                                                                                                                                                                                 00903373 99179066401181007009000105
10000000000000000000000903373 99179066                 240118100000000040118100800500000000002            0  01240118100005101100000001578010000000001A210611000000000000000000000000000000000000000000000000000000000000000100022425120807RODRIGO DE ALMEIDA SILVA                RUA BOLIVIA, 63                                     12223070                                                            000106
2Protestar 5d Apos Vencimento                                                                                                                                                                                                                                                                                                                                                 00903373 99179066401181008005000107
10000000000000000000000903373 99179066                 240118100000000040118100900100000000002            0  01240118100005111100000001578010000000001A210611000000000000000000000000000000000000000000000000000000000000000100022425120807RODRIGO DE ALMEIDA SILVA                RUA BOLIVIA, 63                                     12223070                                                            000108
2Protestar 5d Apos Vencimento                                                                                                                                                                                                                                                                                                                                                 00903373 99179066401181009001000109
10000000000000000000000903373 99179066                 240118100000000040118101000P00000000002            0  01240118100005121100000001578010000000001A210611000000000000000000000000000000000000000000000000000000000000000100022425120807RODRIGO DE ALMEIDA SILVA                RUA BOLIVIA, 63                                     12223070                                                            000110
2Protestar 5d Apos Vencimento                                                                                                                                                                                                                                                                                                                                                 00903373 9917906640118101000P000111
10000000000000000000000903373 99179066                 240118100000000040118100200700000000002            0  01240118100015121100000042080240000000001A210611000000000000000000000000000000000000000000000000000000000000000100022425120807RODRIGO DE ALMEIDA SILVA                RUA BOLIVIA, 63                                     12223070                                                            000112
2Protestar 5d Apos Vencimento                                                                                                                                                                                                                                                                                                                                                 00903373 99179066401181002007000113
10000000000000000000000903373 99179066                 240120100000000040120100200900000000002            0  01240120100020071100000002601810000000001A210611000000000000000000000000000000000000000000000000000000000000000100006761387809REGIS KRUGNER                           RUA PEDRO TURSI 240, APTO 71                        12230090                                                            000114
2Protestar 5d Apos Vencimento                                                                                                                                                                                                                                                                                                                                                 00903373 99179066401201002009000115
10000000000000000000000903373 99179066                 240120100000000040120100300500000000002            0  01240120100020081100000002601810000000001A210611000000000000000000000000000000000000000000000000000000000000000100006761387809REGIS KRUGNER                           RUA PEDRO TURSI 240, APTO 71                        12230090                                                            000116
2Protestar 5d Apos Vencimento                                                                                                                                                                                                                                                                                                                                                 00903373 99179066401201003005000117
10000000000000000000000903373 99179066                 240120100000000040120100400100000000002            0  01240120100020091100000002601810000000001A210611000000000000000000000000000000000000000000000000000000000000000100006761387809REGIS KRUGNER                           RUA PEDRO TURSI 240, APTO 71                        12230090                                                            000118
2Protestar 5d Apos Vencimento                                                                                                                                                                                                                                                                                                                                                 00903373 99179066401201004001000119
10000000000000000000000903373 99179066                 240120100000000040120100500800000000002            0  01240120100020101100000002601810000000001A210611000000000000000000000000000000000000000000000000000000000000000100006761387809REGIS KRUGNER                           RUA PEDRO TURSI 240, APTO 71                        12230090                                                            000120
2Protestar 5d Apos Vencimento                                                                                                                                                                                                                                                                                                                                                 00903373 99179066401201005008000121
10000000000000000000000903373 99179066                 240120100000000040120100600400000000002            0  01240120100020111100000002601810000000001A210611000000000000000000000000000000000000000000000000000000000000000100006761387809REGIS KRUGNER                           RUA PEDRO TURSI 240, APTO 71                        12230090                                                            000122
2Protestar 5d Apos Vencimento                                                                                                                                                                                                                                                                                                                                                 00903373 99179066401201006004000123
10000000000000000000000903373 99179066                 240120100000000040120100700000000000002            0  01240120100020121100000002601810000000001A210611000000000000000000000000000000000000000000000000000000000000000100006761387809REGIS KRUGNER                           RUA PEDRO TURSI 240, APTO 71                        12230090                                                            000124
2Protestar 5d Apos Vencimento                                                                                                                                                                                                                                                                                                                                                 00903373 99179066401201007000000125
10000000000000000000000903373 99179066                 240120100000000040120100200900000000002            0  01240120100020121100000005908760000000001A210611000000000000000000000000000000000000000000000000000000000000000100006761387809REGIS KRUGNER                           RUA PEDRO TURSI 240, APTO 71                        12230090                                                            000126
2Protestar 5d Apos Vencimento                                                                                                                                                                                                                                                                                                                                                 00903373 99179066401201002009000127
9                                                                                                                                                                                                                                                                                                                                                                                                         000128
